@article{azuma1997survey,
  title={A survey of augmented reality},
  author={Azuma, Ronald T},
  journal={Presence: Teleoperators and virtual environments},
  volume={6},
  number={4},
  pages={355--385},
  year={1997},
  publisher={MIT Press}
}

@article{saetre2013collision,
  title={Collision Between Platform Deck and Service Vessel Wheelhouse},
  author={S{\ae}tre, Jan B{\o}rge Mork},
  year={2013},
  publisher={Institutt for marin teknikk}
}

@book{vinnem2013offshore,
  title={Offshore Risk Assessment vol 1.: Principles, Modelling and Applications of QRA Studies},
  author={Vinnem, J.E.},
  isbn={9781447152071},
  series={Springer Series in Reliability Engineering},
  url={https://books.google.nl/books?id=zzO3BAAAQBAJ},
  year={2013},
  publisher={Springer London}
}

@article{cummings2010supporting,
  title={Supporting intelligent and trustworthy maritime path planning decisions},
  author={Cummings, Mary L and Buchin, Mariela and Carrigan, Geoffrey and Donmez, Birsen},
  journal={International journal of human-computer studies},
  volume={68},
  number={10},
  pages={616--626},
  year={2010},
  publisher={Elsevier}
}

@article{inoue2000evaluation,
  title={Evaluation method of ship-handling difficulty for navigation in restricted and congested waterways},
  author={Inoue, Kinzo},
  journal={Journal of Navigation},
  volume={53},
  number={01},
  pages={167--180},
  year={2000},
  publisher={Cambridge Univ Press}
}

@article{sorensen2011survey,
  title={A survey of dynamic positioning control systems},
  author={S{\o}rensen, Asgeir J},
  journal={Annual reviews in control},
  volume={35},
  number={1},
  pages={123--136},
  year={2011},
  publisher={Elsevier}
}

@article{veritas2011dynamic,
  title={Dynamic Positioning System--Enhanced Reliability DYNPOS-ER},
  author={Veritas, Det Norske},
  journal={DNV Guidance},
  year={2011}
}

@inproceedings{baker2005accident,
  title={Accident database review of human element concerns: What do the results mean for classification?},
  author={Baker, CC and McCafferty, DB},
  booktitle={Proc. Int Conf.‘Human Factors in Ship Design and Operation, RINA Feb},
  year={2005},
  organization={Citeseer}
}

@article{hauff2014analysis,
  title={Analysis of Loss of Position Incidents for Dynamically Operated Vessels},
  author={Hauff, Kristian Stenv{\aa}gnes},
  year={2014},
  publisher={Institutt for marin teknikk}
}

@inproceedings{milgram1995augmented,
  title={Augmented reality: A class of displays on the reality-virtuality continuum},
  author={Milgram, Paul and Takemura, Haruo and Utsumi, Akira and Kishino, Fumio},
  booktitle={Photonics for industrial applications},
  pages={282--292},
  year={1995},
  organization={International Society for Optics and Photonics}
}

@inproceedings{ellis1997factors,
  title={Factors influencing operator interaction with virtual objects viewed via head-mounted see-through displays: viewing conditions and rendering latency},
  author={Ellis, Stephen R and Br{\'e}ant, Fra{\c{c}}ois and Manges, B and Jacoby, Richard and Adelstein, Bernard D},
  booktitle={Virtual Reality Annual International Symposium, 1997., IEEE 1997},
  pages={138--145},
  year={1997},
  organization={IEEE}
}

@inproceedings{cruz1993surround,
  title={Surround-screen projection-based virtual reality: the design and implementation of the CAVE},
  author={Cruz-Neira, Carolina and Sandin, Daniel J and DeFanti, Thomas A},
  booktitle={Proceedings of the 20th annual conference on Computer graphics and interactive techniques},
  pages={135--142},
  year={1993},
  organization={ACM}
}

@inproceedings{peterson2006human,
  title={Human Performance with simulated Collimation in Transparent Projection Screens},
  author={Peterson, Stephen and Pinska, Ella},
  booktitle={Proceedings of the Second International Conference on Research in Air Transportation (ICRAT)},
  pages={231--237},
  year={2006}
}

 @misc{wiki:seamanship,
   author = {{Seamanship}},
   title = "Seamanship --- Wikipedia{,} The Free Encyclopedia",
   year = "2016",
   url = "\url{https://en.wikipedia.org/w/index.php?title=Seamanship&oldid=714898900}",
   note = "[Online; accessed 16-May-2016]"
 }

 @misc{brittanica:ship,
   author = {{Ship}},
   title = "Ship --- Encyclopædia Britannica. Encyclopædia Britannica Online",
   year = "2016",
   url = "\url{http://www.britannica.com/technology/ship}",
   note = "[Online; accessed 17-May-2016]"
 }

@article{sandor2015breaking,
  title={Breaking the Barriers to True Augmented Reality},
  author={Sandor, Christian and Fuchs, Martin and Cassinelli, Alvaro and Li, Hao and Newcombe, Richard and Yamamoto, Goshiro and Feiner, Steven},
  journal={arXiv preprint arXiv:1512.05471},
  year={2015}
}

@inproceedings{lantz1996future,
  title={The future of virtual reality: head mounted displays versus spatially immersive displays (panel)},
  author={Lantz, Ed},
  booktitle={Proceedings of the 23rd annual conference on Computer graphics and interactive techniques},
  pages={485--486},
  year={1996},
  organization={ACM}
}

@book{bimber2005spatial,
  title={Spatial augmented reality: merging real and virtual worlds},
  author={Bimber, Oliver and Raskar, Ramesh},
  year={2005},
  publisher={CRC Press}
}

@inproceedings{patrick2000using,
  title={Using a large projection screen as an alternative to head-mounted displays for virtual environments},
  author={Patrick, Emilee and Cosgrove, Dennis and Slavkovic, Aleksandra and Rode, Jennifer A and Verratti, Thom and Chiselko, Greg},
  booktitle={Proceedings of the SIGCHI conference on Human Factors in Computing Systems},
  pages={478--485},
  year={2000},
  organization={ACM}
}

@incollection{von2014maritime,
  title={Maritime Applications of Augmented Reality--Experiences and Challenges},
  author={von Lukas, Uwe and Vahl, Matthias and Mesing, Benjamin},
  booktitle={Virtual, Augmented and Mixed Reality. Applications of Virtual and Augmented Reality},
  pages={465--475},
  year={2014},
  publisher={Springer}
}

@article{vasiljevic2011augmented,
  title={Augmented reality in marine applications},
  author={Vasiljevi{\'c}, Antonio and Borovi{\'c}, Bruno and Vuki{\'c}, Zoran},
  journal={Brodogradnja},
  volume={62},
  number={2},
  pages={136--142},
  year={2011},
  publisher={Brodarski institut doo}
}

@inproceedings{hugues2010experimental,
  title={An experimental augmented reality platform for assisted maritime navigation},
  author={Hugues, Olivier and Cieutat, Jean-Marc and Guitton, Pascal},
  booktitle={Proceedings of the 1st Augmented Human International Conference},
  pages={12},
  year={2010},
  organization={ACM}
}

@inproceedings{rolland1995comparison,
  title={Comparison of optical and video see-through, head-mounted displays},
  author={Rolland, Jannick P and Holloway, Richard L and Fuchs, Henry},
  booktitle={Photonics for Industrial Applications},
  pages={293--307},
  year={1995},
  organization={International Society for Optics and Photonics}
}

@article{henderson2011exploring,
  title={Exploring the benefits of augmented reality documentation for maintenance and repair},
  author={Henderson, Steven and Feiner, Steven},
  journal={Visualization and Computer Graphics, IEEE Transactions on},
  volume={17},
  number={10},
  pages={1355--1368},
  year={2011},
  publisher={IEEE}
}

@book{jarrett2005cockpit,
  title={Cockpit Engineering},
  author={Jarrett, D.N.},
  isbn={9780754617518},
  lccn={2004030374},
  url={https://books.google.nl/books?id=ESR4-pns2JMC},
  year={2005},
  publisher={Ashgate Pub.}
}

@book{neerincx2008situated,
  title={Situated cognitive engineering for complex task environments},
  author={Neerincx, Mark A and Lindenberg, Jasper},
  year={2008},
  publisher={Ashgate Publishing Limited}
}

@inproceedings{zhou2008trends,
  title={Trends in augmented reality tracking, interaction and display: A review of ten years of ISMAR},
  author={Zhou, Feng and Duh, Henry Been-Lirn and Billinghurst, Mark},
  booktitle={Proceedings of the 7th IEEE/ACM International Symposium on Mixed and Augmented Reality},
  pages={193--202},
  year={2008},
  organization={IEEE Computer Society}
}

@phdthesis{klein2006visual,
  title={Visual tracking for augmented reality},
  author={Klein, Georg},
  year={2006},
  school={University of Cambridge}
}

@article{carroll2000five,
  title={Five reasons for scenario-based design},
  author={Carroll, John M},
  journal={Interacting with computers},
  volume={13},
  number={1},
  pages={43--60},
  year={2000},
  publisher={Oxford University Press}
}

@article{hoffman2008vergence,
  title={Vergence--accommodation conflicts hinder visual performance and cause visual fatigue},
  author={Hoffman, David M and Girshick, Ahna R and Akeley, Kurt and Banks, Martin S},
  journal={Journal of vision},
  volume={8},
  number={3},
  pages={33--33},
  year={2008},
  publisher={The Association for Research in Vision and Ophthalmology}
}

@misc{wiki:mixedreality,
   author = "Wikipedia",
   title = "Mixed reality --- Wikipedia{,} The Free Encyclopedia",
   year = "2016",
   url = "\url{https://en.wikipedia.org/w/index.php?title=Mixed_reality&oldid=738052758}",
   note = "[Online; accessed 6-September-2016]"
 }

@article{perunovic2011innovation,
  title={Innovation in the maritime industry},
  author={Perunovic, Zoran and Vidic--Perunovic, Jelena},
  journal={Innovation},
  volume={20},
  pages={0355},
  year={2011}
}

@inproceedings{okazaki2014development,
  title={Development of override ship maneuvering simulator using AR toolkit},
  author={Okazaki, Tadatsugi and Ochiai, Hiroki and Kashima, Hideyuki and Iwakiri, Takaaki},
  booktitle={2014 World Automation Congress (WAC)},
  year={2014}
}

@article{holder2011maritime,
  title={Maritime Head-Up Display: A Preliminary Evaluation},
  author={Holder, Eric and Pecota, Samuel R},
  journal={Journal of Navigation},
  volume={64},
  number={04},
  pages={573--594},
  year={2011},
  publisher={Cambridge Univ Press}
}

@article{sauer2002effects,
  title={Effects of display design on performance in a simulated ship navigation environment},
  author={Sauer, Juergen and Wastell, David G and Hockey, G Robert J and Crawshaw, C Martin and Ishak, Mai and Downing, Jonathon C},
  journal={Ergonomics},
  volume={45},
  number={5},
  pages={329--347},
  year={2002},
  publisher={Taylor \& Francis}
}

@article{halvorsen2012optimal,
  title={Optimal fleet composition and periodic routing of offshore supply vessels},
  author={Halvorsen-Weare, Elin E and Fagerholt, Kjetil and Non{\aa}s, Lars Magne and Asbj{\o}rnslett, Bj{\o}rn Egil},
  journal={European Journal of Operational Research},
  volume={223},
  number={2},
  pages={508--517},
  year={2012},
  publisher={Elsevier}
}

@article{steuer1992defining,
  title={Defining virtual reality: Dimensions determining telepresence},
  author={Steuer, Jonathan},
  journal={Journal of communication},
  volume={42},
  number={4},
  pages={73--93},
  year={1992},
  publisher={Wiley Online Library}
}

@incollection{munch2013creating,
  title={Creating minimum viable products in industry-academia collaborations},
  author={M{\"u}nch, J{\"u}rgen and Fagerholm, Fabian and Johnson, Patrik and Pirttilahti, Janne and Torkkel, Juha and J{\"a}arvinen, Janne},
  booktitle={Lean Enterprise Software and Systems},
  pages={137--151},
  year={2013},
  publisher={Springer}
}

@article{kolb2005learning,
  title={Learning styles and learning spaces: Enhancing experiential learning in higher education},
  author={Kolb, Alice Y and Kolb, David A},
  journal={Academy of management learning \& education},
  volume={4},
  number={2},
  pages={193--212},
  year={2005},
  publisher={Academy of Management}
}

@article{azuma2001recent,
  title={Recent advances in augmented reality},
  author={Azuma, Ronald and Baillot, Yohan and Behringer, Reinhold and Feiner, Steven and Julier, Simon and MacIntyre, Blair},
  journal={IEEE computer graphics and applications},
  volume={21},
  number={6},
  pages={34--47},
  year={2001},
  publisher={IEEE}
}

